@inproceedings{danvy2002lambda,
  title={{Lambda-Lifting in Quadratic Time}},
  author={Danvy, Olivier and Schultz, Ulrik P},
  booktitle={International Symposium on Functional and Logic Programming},
  pages={134--151},
  year={2002},
  organization={Springer}
}

@inproceedings{morazan2008optimal,
  title={{Optimal Lambda Lifting in Quadratic Time}},
  author={Moraz{\'a}n, Marco T and Schultz, Ulrik P},
  booktitle={Implementation and Application of Functional Languages: 19th International Workshop, IFL 2007, Freiburg, Germany, September 27-29, 2007. Revised Selected Papers 19},
  pages={37--56},
  year={2008},
  organization={Springer}
}

@inproceedings{hannan1998higher,
  title={{Higher-Order UnCurrying}},
  author={Hannan, John and Hicks, Patrick},
  booktitle={Proceedings of the 25th ACM SIGPLAN-SIGACT symposium on Principles of programming languages},
  pages={1--11},
  year={1998}
}

@techreport{jay1991long,
  title={{Long Bn Normal Forms and Confluence}},
  author={Jay, C Barry},
  year={1991},
  institution={Tech. Rep. LFCS-91-183 (and its revised version)}
}

@misc{koopman2002functional,
  title={{Functional Programming in Clean}},
  author={Koopman, Pieter and Plasmeijer, Rinus and van Eekelen, Marko and Smetsers, Sjaak},
  year={2002},
  publisher={Setem}
}

@book{jones1993partial,
  title={{Partial Evaluation and Automatic Program Generation}},
  author={Jones, Neil D and Gomard, Carsten K and Sestoft, Peter},
  year={1993},
  publisher={Peter Sestoft}
}

@article{chin1996higher,
  title={{A Higher-Order Removal Method}},
  author={Chin, Wei-Ngan and Darlington, John},
  journal={Lisp and Symbolic Computation},
  volume={9},
  pages={287--322},
  year={1996},
  publisher={Springer}
}

@book{klabnik2023rust,
  title={{The Rust Programming Language}},
  author={Klabnik, Steve and Nichols, Carol},
  year={2023},
  publisher={No Starch Press}
}

@article{milner1978theory,
  title={{A Theory of Type Polymorphism in Programming}},
  author={Milner, Robin},
  journal={Journal of computer and system sciences},
  volume={17},
  number={3},
  pages={348--375},
  year={1978},
  publisher={Elsevier}
}

@inproceedings{wadler1988deforestation,
  title={{Deforestation: Transforming Programs to Eliminate Trees}},
  author={Wadler, Philip},
  booktitle={European Symposium on Programming},
  pages={344--358},
  year={1988},
  organization={Springer}
}

@article{brady2013idris,
  title={{Idris, a general-purpose dependently typed programming language: Design and implementation}},
  author={Brady, Edwin},
  journal={Journal of functional programming},
  volume={23},
  number={5},
  pages={552--593},
  year={2013},
  publisher={Cambridge University Press}
}

@inproceedings{atkey2018syntax,
  title={{Syntax and semantics of quantitative type theory}},
  author={Atkey, Robert},
  booktitle={Proceedings of the 33rd Annual ACM/IEEE Symposium on Logic in Computer Science},
  pages={56--65},
  year={2018}
}

@article{brady2021idris,
  title={{Idris 2: Quantitative Type Theory in Practice}},
  author={Brady, Edwin},
  journal={arXiv preprint arXiv:2104.00480},
  year={2021}
}

@article{kovacs2024closure,
  title={{Closure-Free Functional Programming in a Two-Level Type Theory}},
  author={Kov{\'a}cs, Andr{\'a}s},
  journal={Proceedings of the ACM on Programming Languages},
  volume={8},
  number={ICFP},
  pages={659--692},
  year={2024},
  publisher={ACM New York, NY, USA}
}

@article{xie2019kind,
  title={{Kind Inference for Datatypes}},
  author={Xie, Ningning and Eisenberg, Richard A and Oliveira, Bruno C d S},
  journal={Proceedings of the ACM on Programming Languages},
  volume={4},
  number={POPL},
  pages={1--28},
  year={2019},
  publisher={ACM New York, NY, USA}
}

@article{karachalias2021efficient,
  title={{Efficient Compilation of Algebraic Effect Handlers}},
  author={Karachalias, Georgios and Koprivec, Filip and Pretnar, Matija and Schrijvers, Tom},
  journal={Proceedings of the ACM on Programming Languages},
  volume={5},
  number={OOPSLA},
  pages={1--28},
  year={2021},
  publisher={ACM New York, NY, USA}
}

@article{berger1998normalization,
  title={{Normalization by evaluation}},
  author={Berger, Ulrich and Eberl, Matthias and Schwichtenberg, Helmut},
  journal={Prospects for Hardware Foundations: ESPRIT Working Group 8533 NADAâ€”New Hardware Design Methods Survey Chapters},
  pages={117--137},
  year={1998},
  publisher={Springer}
}

@article{berghofer2007head,
  title={{A Head-to-Head Comparison of de Bruijn Indices and Names}},
  author={Berghofer, Stefan and Urban, Christian},
  journal={Electronic Notes in Theoretical Computer Science},
  volume={174},
  number={5},
  pages={53--67},
  year={2007},
  publisher={Elsevier}
}

@article{abel2014normalization,
  title={{Normalization by Evaluation in the Delay Monad: A Case Study for Coinduction via Copatterns and Sized Types}},
  author={Abel, Andreas and Chapman, James},
  journal={arXiv preprint arXiv:1406.2059},
  year={2014}
}

@inproceedings{taha2004gentle,
  title={{A Gentle Introduction to Multi-stage Programming}},
  author={Taha, Walid},
  booktitle={Domain-Specific Program Generation: International Seminar, Dagstuhl Castle, Germany, March 23-28, 2003. Revised Papers},
  pages={30--50},
  year={2004},
  organization={Springer}
}

@article{jones1996introduction,
  title={{An Introduction to Partial Evaluation}},
  author={Jones, Neil D},
  journal={ACM Computing Surveys (CSUR)},
  volume={28},
  number={3},
  pages={480--503},
  year={1996},
  publisher={ACM New York, NY, USA}
}

@article{brandon2023better,
  title={{Better Defunctionalization through Lambda Set Specialization}},
  author={Brandon, William and Driscoll, Benjamin and Dai, Frank and Berkow, Wilson and Milano, Mae},
  journal={Proceedings of the ACM on Programming Languages},
  volume={7},
  number={PLDI},
  pages={977--1000},
  year={2023},
  publisher={ACM New York, NY, USA}
}

@inproceedings{minamide1996typed,
  title={{Typed Closure Conversion}},
  author={Minamide, Yasuhiko and Morrisett, Greg and Harper, Robert},
  booktitle={Proceedings of the 23rd ACM SIGPLAN-SIGACT symposium on principles of programming languages},
  pages={271--283},
  year={1996}
}

@article{kovacs2021generalized,
  title={{Generalized Universe Hierarchies and First-Class Universe Levels}},
  author={Kov{\'a}cs, Andr{\'a}s},
  journal={arXiv preprint arXiv:2103.00223},
  year={2021}
}

@inproceedings{lattner2004llvm,
  title={{LLVM: A Compilation Framework for Lifelong Program Analysis \& Transformation}},
  author={Lattner, Chris and Adve, Vikram},
  booktitle={International symposium on code generation and optimization, 2004. CGO 2004.},
  pages={75--86},
  year={2004},
  organization={IEEE}
}

@article{bernardy2017linear,
  title={{Linear Haskell: Practical Linearity in a Higher-Order Polymorphic Language}},
  author={Bernardy, Jean-Philippe and Boespflug, Mathieu and Newton, Ryan R and Peyton Jones, Simon and Spiwack, Arnaud},
  journal={Proceedings of the ACM on Programming Languages},
  volume={2},
  number={POPL},
  pages={1--29},
  year={2017},
  publisher={ACM New York, NY, USA}
}

@article{downen2020kinds,
  title={{Kinds are Calling Conventions}},
  author={Downen, Paul and Ariola, Zena M and Peyton Jones, Simon and Eisenberg, Richard A},
  journal={Proceedings of the ACM on Programming Languages},
  volume={4},
  number={ICFP},
  pages={1--29},
  year={2020},
  publisher={ACM New York, NY, USA}
}

@article{lutze2025simple,
  title={{The Simple Essence of Monomorphization}},
  author={Lutze, Matthew and Schuster, Philipp and Brachth{\"a}user, Jonathan Immanuel},
  journal={Proceedings of the ACM on Programming Languages},
  volume={9},
  number={OOPSLA1},
  pages={1015--1041},
  year={2025},
  publisher={ACM New York, NY, USA}
}
